
@inbook{kon2011jai,
  author={Kon, Fabio and Lago, Nelson and Meirelles, Paulo and Sabino, Vanessa},
  year= {2011}, 
  chapter={Software Livre e Propriedade Intelectual: Aspectos Jurídicos, Licenças e Modelos de Negócio}, 
  title= {Atualizações em Informática (SBC)}, 
  publisher= {PUC-Rio},
  address= {Rio de Janeiro},
	pages={59-107},
}
%editor = {Alberto Ferreira de Souza and Wagner Meira Jr}, 

@PhdThesis{meirelles2013,
	title = "{Monitoramento de métricas de código-fonte em projetos de software livre}",
	author = "Paulo Roberto Miranda Meirelles",
	school = "Instituto de Matemática e Estatística, Universidade de São Paulo",
	month = may,
	year = "2013",
	url={http://www.teses.usp.br/teses/disponiveis/45/45134/tde-27082013-090242},
}
%Tese (Doutorado em Ciência da Computação)
%Disponível em: <http://www.teses.usp.br/teses/disponiveis/45/45134/tde-27082013-090242/>. Acesso em: 2014-04-09.

@book{venturelli2004arte,
  title={Arte: espa{\c{c}}o-tempo-imagem},
  author={Venturelli, Suzete},
  lccn={2006338203},
  url={http://books.google.com.br/books?id=ls1aAAAAMAAJ},
  year={2004},
  publisher={Editora UnB}
}

@book{schwaber2001,
 author = {Schwaber, Ken and Beedle, Mike},
 title = {Agile Software Development with Scrum},
 year = {2001},
 isbn = {0130676349},
 edition = {1st},
 publisher = {Prentice Hall PTR},
 address = {Upper Saddle River, NJ, USA},
}

@article{fitzgerald2006,
 author = {Fitzgerald, Brian and Hartnett, Gerard and Conboy, Kieran},
 title = {Customising Agile Methods to Software Practices at Intel Shannon},
 journal = {Eur. J. Inf. Syst.},
 year = {2006},
 issn = {0960-085X},
 pages = {200--213},
 publisher = {Macmillan Press Ltd.},
 address = {Basingstoke, UK, UK},
} 

@book{cohn2005,
 author = {Cohn, Mike},
 title = {Agile Estimating and Planning},
 year = {2005},
 isbn = {0131479415},
 publisher = {Prentice Hall PTR},
 address = {Upper Saddle River, NJ, USA},
} 

@book{wohlin2000,
 author = {Wohlin, Claes and Runeson, Per and H\"{o}st, Martin and Ohlsson, Magnus C. and Regnell, Bj\"{o}orn and Wessl{\'e}n, Anders},
 title = {Experimentation in Software Engineering: An Introduction},
 year = {2000},
 isbn = {0-7923-8682-5},
 publisher = {Kluwer Academic Publishers},
 address = {Norwell, MA, USA},
} 

@techreport{ISO25023,
    author = {{ISO/IEC}},
    publisher = {ISO/IEC},
    title = {{ISO/IEC 25023 - Systems and software engineering - Systems and software Quality Requirements and Evaluation (SQuaRE) - Measurement  of system and software product quality}},
    year = {2011}
}

@book{munch2012,
author = {Münch, J. and Armbrust, O. and Kowalczyk, M. and Soto, M.},
publisher = {The Fraunhofer IESE Series on Software and Systems Engineering},
title = {Software Process Definition and Management},
year = {2012},
}

@book{easterbrook2007,
  author = {Easterbrook, S. and Singer, J. and Storey, M.A. and Damian, D.},
  biburl = {http://www.bibsonomy.org/bibtex/26f7170593e45fa4dca777e3359e87ae8/mstrohm},
  booktitle = {Guide to Advanced Empirical Software Engineering},
  interhash = {c8d9e589d2d6c925777a1b796a7a2212},
  intrahash = {6f7170593e45fa4dca777e3359e87ae8},
  keywords = {epistemology methods reading-group},
  publisher = {Springer},
  timestamp = {2008-02-29T15:40:54.000+0100},
  title = {Selecting Empirical Methods for Software Engineering Research},
  url = {http://www.cs.toronto.edu/~sme/papers/2007/SelectingEmpiricalMethods.pdf},
  year = 2007,
}
%editor = {Shull, F. and Singer, J.},

@inproceedings{monteiro2011,
 author = {Monteiro, Cleviton V.F. and da Silva, Fabio Q.B. and dos Santos, Isabella R.M. and Farias, Felipe and Cardozo, Elisa S.F. and do A. Leit\~{a}o, Andr{\'e} R.G. and Neto, Dacio N.M. and Pernambuco Filho, Miguel J.A.},
 title = {A Qualitative Study of the Determinants of Self-managing Team Effectiveness in a Scrum Team},
 booktitle = {Proceedings of the 4th International Workshop on Cooperative and Human Aspects of Software Engineering},
 series = {CHASE '11},
 year = {2011},
 isbn = {978-1-4503-0576-1},
 location = {Waikiki, Honolulu, HI, USA},
 pages = {16--23},
 numpages = {8},
 url = {http://doi.acm.org/10.1145/1984642.1984646},
 doi = {10.1145/1984642.1984646},
 acmid = {1984646},
 publisher = {ACM},
 address = {New York, NY, USA},
 keywords = {agile methods, qualitative research, self-management, software teams},
} 

@article{kitchenham2009,
 author = {Kitchenham, Barbara and Pearl Brereton, O. and Budgen, David and Turner, Mark and Bailey, John and Linkman, Stephen},
 title = {Systematic Literature Reviews in Software Engineering - A Systematic Literature Review},
 journal = {Inf. Softw. Technol.},
 issue_date = {January, 2009},
 volume = {51},
 number = {1},
 month = jan,
 year = {2009},
 isbn = {0950-5849},
 pages = {7--15},
 numpages = {9},
 url = {http://dx.doi.org/10.1016/j.infsof.2008.09.009},
 doi = {10.1016/j.infsof.2008.09.009},
 acmid = {1466091},
 publisher = {Butterworth-Heinemann},
 address = {Newton, MA, USA},
 keywords = {Cost estimation, Evidence-based software engineering, Systematic literature review, Systematic review quality, Tertiary study},
} 

@article{hevner2004,
 author = {Hevner, Alan R. and March, Salvatore T. and Park, Jinsoo and Ram, Sudha},
 title = {Design Science in Information Systems Research},
 journal = {MIS Q.},
 issue_date = {March 2004},
 volume = {28},
 number = {1},
 month = mar,
 year = {2004},
 issn = {0276-7783},
 pages = {75--105},
 numpages = {31},
 url = {http://dl.acm.org/citation.cfm?id=2017212.2017217},
 acmid = {2017217},
 publisher = {Society for Information Management and The Management Information Systems Research Center},
 address = {Minneapolis, MN, USA},
 keywords = {business environment, creativity, design artifact, design science, experimental methods, information systems research methodologies, search strategies, technology infrastructure},
} 

 @manual{IEEE1998,
title = {IEEE Standard for a Software Quality Metrics Methodology},
author = {Software Engineering Standards Committee IEEE},
organization = {IEEE Computer Society},
journal={IEEE Std 1061-1998},
address = {Piscataway, NJ, USA},
year = {1998},
publisher={IEEE},
}


@book{martins2007,
author = {Martins, J. C. C.},
title = {T{\'e}cnicas Para Gerenciamento de Projetos de Software.},
publisher ={Brasport},
year = {2007},
address  = {Rio de Janeiro},
edition = {1},
}


@article{schwaber2010,
author = {Ken Schwaber},
title = {What is Scrum?},
journal = {VOLARO With AgileSparks},
year = {2010},
publisher = {VOLARO},
}

@book{silva2001,
title={Teorias da Administração},
author={Reinaldo Oliveira Silva},
address={São Paulo},
publisher = {Pioneira Thomson Learning},
year={2001},
}

@misc{qualibr2010,
author = {5cqualibr},
title = {Desenvolvimento Ágil},
url = {http://www.softwarepublico.gov.br/5cqualibr/xowiki/DesenvolvimentoAgil},
year = {2010},
}

@book{poppendieck2011, 
Author = {M. Poppendieck and T. Poppendieck},
Title = {Implementando o Desenvolvimento Lean de Software: Do Conceito ao Dinheiro},
Year = {2011},
}

@article{katayama2011,
title={A contribuição da indústria da manufatura no desenvolvimento de software},
author={Eduardo Teruo Katayama},
journal={Dissertação (Mestrado em Ciência da Computação) - Instituto de Matemática e Estatística, Universidade de São Paulo},
year={2011},
}

@book{lorenz1995,
  title={The Essence Of Chaos},
  author={E. N. Lorenz},
  series={Jessie and John Danz lectures},
  year={1995},
  publisher={Taylor \& Francis}
}

@misc{iamamoto1999,
author = {Edward Iamamoto and Roger Gailland},
publisher = {IME - Universidade de São Paulo},
title = {A Revolução Digital e a Sociedade do Conhecimento},
url={http://www.ime.usp.br/~is/ddt/mac333/aulas/tema-3-08abr99.html},
year = {1999},
}

@article{sato2005,
title={O papel evolutivo do gerente de projetos},
author={Carlos Eduardo Yamasaki Sato and Dario Eduardo Amaral Dergint and Kazuo Hatakeyama},
journal={XI Semin{\'a}rio Latino-Iberoamericano de Gesti{\'o}n Tecnol{\'o}gica.},
publisher = {ALTEC},
adress = {Salvador/BA - Brasil},
year={2005},
}

@manual{TCU2013,
Address = {Brasília, Brasil},
Org-Short = {TCU},
Organization = {Tribunal de Contas da Uni\~ao},
Title = {Acórdão nº  116247},
Year = {2013},
}

@article{melo2012,
  title={M{\'e}todos {\'a}geis no Brasil: estado da pr{\'a}tica em times e organiza{\c{c}}{\~o}es},
  author={Melo, C and Santos, VA and Corbucci, H and Katayama, E and Goldman, A and Kon, F},
  journal={Relat{\'o}rio T{\'e}cnico RT-MAC-2012-03. Departamento de Ci{\^e}ncia da Computa{\c{c}}{\~a}o. IME-USP},
  year={2012},
}

@book{jeff2010, 
Author = {J. Sutherland\'s},
Title = {Scrum Handbook},
Year = {2010},
}

@techreport{west2010,
    author = {West, Dave and Grant, Tom},
    citeulike-article-id = {7134709},
    institution = {Forrester Research},
    keywords = {adoption, agile, survey},
    month = {jan},
    posted-at = {2010-05-07 16:24:02},
    priority = {2},
    title = {{Agile Development: Mainstream Adoption Has Changed Agility -- Trends In Real-World Adoption Of Agile Methods}},
    year = {2010},
}

@book{marconi2004,
	title = {Metodologia Científica},
	author = {Marconi, Marina de Andrade and Lakatos, Eva Maria},
	publisher = {Atlas},
	adress={São Paulo},
	year = {2004},
}

@book{merriam2009qualitative,
  title={Qualitative Research: A Guide to Design and Implementation},
  author={Merriam, S.B.},
  isbn={9780470283547},
  lccn={2008051528},
  series={Jossey-Bass higher and adult education serie},
  url={http://books.google.com.br/books?id=tvFICrgcuSIC},
  year={2009},
  publisher={John Wiley \& Sons},
}

@INPROCEEDINGS{Khanam2017refact, 
author={S. A. M. Rizvi and Z. Khanam}, 
booktitle={2011 3rd International Conference on Electronics Computer Technology}, 
title={A methodology for refactoring legacy code}, 
year={2011}, 
volume={6}, 
pages={198-200}, 
keywords={aspect-oriented programming;software maintenance;software quality;aspect oriented programming;code scattering;code tangling;crosscutting concerns;legacy code refactoring;legacy systems;software artifacts;software quality;Business;Catalogs;Programming;Software quality;Systematics;USA Councils;Refactoring methodology;aspect oriented programming;legacy systems}, 
doi={10.1109/ICECTECH.2011.5942080}, 
month={April},}


@article{DBLP:journals/jss/FitzgeraldS17,
  author    = {Brian Fitzgerald and
               Klaas{-}Jan Stol},
  title     = {Continuous software engineering: {A} roadmap and agenda},
  journal   = {Journal of Systems and Software},
  volume    = {123},
  pages     = {176--189},
  year      = {2017},
  url       = {https://doi.org/10.1016/j.jss.2015.06.063},
  doi       = {10.1016/j.jss.2015.06.063},
  timestamp = {Tue, 06 Jun 2017 22:24:00 +0200},
  biburl    = {http://dblp.uni-trier.de/rec/bib/journals/jss/FitzgeraldS17},
  bibsource = {dblp computer science bibliography, http://dblp.org}
}


@inproceedings{DBLP:conf/icse/KrafftSF16,
  author    = {Martin F. Krafft and
               Klaas{-}Jan Stol and
               Brian Fitzgerald},
  title     = {How do free/open source developers pick their tools?: a Delphi study
               of the Debian project},
  booktitle = {Proceedings of the 38th International Conference on Software Engineering,
               {ICSE} 2016, Austin, TX, USA, May 14-22, 2016 - Companion Volume},
  pages     = {232--241},
  year      = {2016},
  crossref  = {DBLP:conf/icse/2016c},
  url       = {http://doi.acm.org/10.1145/2889160.2889248},
  doi       = {10.1145/2889160.2889248},
  timestamp = {Sun, 30 Apr 2017 09:41:43 +0200},
  biburl    = {http://dblp.uni-trier.de/rec/bib/conf/icse/KrafftSF16},
  bibsource = {dblp computer science bibliography, http://dblp.org}
}


Export Formats
BibTeX | EndNote | ACM Ref
@inproceedings{deFranca:2016:CDH:2973839.2973845,
 author = {de Fran\c{c}a, Breno B. Nicolau and Jeronimo,Junior, Helvio and Travassos, Guilherme Horta},
 title = {Characterizing DevOps by Hearing Multiple Voices},
 booktitle = {Proceedings of the 30th Brazilian Symposium on Software Engineering},
 series = {SBES '16},
 year = {2016},
 isbn = {978-1-4503-4201-8},
 location = {Maring\á, Brazil},
 pages = {53--62},
 numpages = {10},
 url = {http://doi.acm.org/10.1145/2973839.2973845},
 doi = {10.1145/2973839.2973845},
 acmid = {2973845},
 publisher = {ACM},
 address = {New York, NY, USA},
 keywords = {DevOps, Grounded Theory, Multivocal Literature Review, Software Development and Operations},
} 
[download]

@book{Httermann:2012:DD:2380958,
 author = {Httermann, Michael},
 title = {DevOps for Developers},
 year = {2012},
 isbn = {1430245697, 9781430245698},
 edition = {1st},
 publisher = {Apress},
 address = {Berkely, CA, USA},
} 